%% Format templates
%% source: https://web.mit.edu/rsi/www/pdfs/bibtex-format.pdf

% Website (at)misc
@comment{key ,
author = {James Tetazoo},
title = {A brief guide to recreational pyromania},
howpublished = {Disponible en \url{http://
www.blowinglotsofweirdstuffup.com/guide.html} (2005/06/12)}
}

% Article (at)article
@comment{key ,
author = {Arthur B Cummings and David Eftekhary and Frank G House},
title = {The accurate determination of college students' coefficients of friction},
journal = {Journal of Sketchy Physics},
volume = {13},
year = {2003},
number = {2},
pages = {46--129}
}

% News article (at)article
@comment{key ,
author = {Arthur B Cummings and David Eftekhary and Frank G House},
title = {The accurate determination of college students' coefficients of friction},
journal = {Journal of Sketchy Physics},
date = {20/03/2003},
url = {htttps:/www.example.com}
}

% Technical Report (at)techreport
@comment{key ,
author = {Robert Swearingen},
title = {Morpholoty and syntax of British sailors’ English},
series = {Technical Report},
volume = {249},
publisher = {Profanity Institute},
address = {New York NY},
year = {1985}
}


@misc{cybereason-apt,
author = {Sarah Maloney},
title = {What is an Advanced Persistent Threat (APT)?},
howpublished = {Disponible en \url{https://www.cybereason.com/blog/advanced-persistent-threat-apt}}
}

@misc{itgov-apt,
author = {IT Governance},
title = {Advanced Persistent Threats (APTs)},
howpublished = {Disponible en \url{https://www.itgovernance.co.uk/advanced-persistent-threats-apt}}
}

@article{stevens-cyberweapons,
author = {Tim Stevens},
title = {Cyberweapons: an emerging global governance architecture},
journal = {Palgrave Commun},
volume = {3},
year = {2017},
number = {16102},
url = {https://www.nature.com/articles/palcomms2016102}
}

@misc{cybercrime-britannica,
author = {Michael Aaron Dennis},
title = {cybercrime},
howpublished = {Disponible en \url{https://www.britannica.com/topic/cybercrime} (2023-09-20)}
}
    
@article{tahir-malware,
author = {Rabia Tahir},
title = {A Study on Malware and Malware Detection Techniques},
journal = {I.J. Education and Management Engineering},
volume = {8},
year = {2018},
number = {2},
pages = {20-30},
howpublished = {Archivado en \url{https://web.archive.org/web/20230110063748/https://www.mecs-press.net/ijeme/ijeme-v8-n2/IJEME-V8-N2-3.pdf}}
}

@misc{social-engineer,
title = {Social Engineering Defined},
howpublished = {Disponible en \url{https://www.social-engineer.org/framework/general-discussion/social-engineering-defined/}}
}

@article{bbcmundo-phishing,
title = {Cómo saber cuándo un estafador se está haciendo pasar por tu banco},
journal = {BBC News Mundo},
date = {2019-02-19},
url = {https://www.bbc.com/mundo/noticias-47212337}
}

@misc{kaspersky-spearphishing,
author = {Kaspersky},
title = {What is spear phishing? Definition and risks},
howpublished = {Disponible en \url{https://usa.kaspersky.com/resource-center/definitions/spear-phishing}}
}

@misc{symantec-zeroday,
author = {Symantec},
title = {What is a Zero-Day Vulnerability?},
howpublished = {Archivado en \url{https://web.archive.org/web/20170704035927/http://www.pctools.com/security-news/zero-day-vulnerability/} (2017-07-04)}
}
